@Book{fitzpatrick09:_euclid_elemen,
  author =    {Richard Fitzpatrick},
  title =        {Euclid's Elements},
  publisher =    {Self-published},
  year =         2009,
  note =      {Available at \url{https://farside.ph.utexas.edu/Books/Euclid/Elements.html}}}

